@inproceedings{c1,
 author = {Stephenson, Mark and Amarasinghe, Saman},
 title = {Predicting Unroll Factors Using Supervised Classification},
 booktitle = {Proceedings of the International Symposium on Code Generation and Optimization},
 series = {CGO '05},
 year = {2005},
 isbn = {0-7695-2298-X},
 pages = {123--134},
 numpages = {12},
 url = {http://dx.doi.org/10.1109/CGO.2005.29},
 doi = {10.1109/CGO.2005.29},
 acmid = {1048981},
 publisher = {IEEE Computer Society},
 address = {Washington, DC, USA},
}

@article{c2,
 author = {Cooper, Keith D. and Schielke, Philip J. and Subramanian, Devika},
 title = {Optimizing for Reduced Code Space Using Genetic Algorithms},
 journal = {SIGPLAN Not.},
 issue_date = {July 1999},
 volume = {34},
 number = {7},
 month = may,
 year = {1999},
 issn = {0362-1340},
 pages = {1--9},
 numpages = {9},
 url = {http://doi.acm.org/10.1145/315253.314414},
 doi = {10.1145/315253.314414},
 acmid = {314414},
 publisher = {ACM},
 address = {New York, NY, USA},
}


@inproceedings{c3,
 author = {Monsifrot, Antoine and Bodin, Fran\c{c}ois and Quiniou, Rene},
 title = {A Machine Learning Approach to Automatic Production of Compiler Heuristics},
 booktitle = {Proceedings of the 10th International Conference on Artificial Intelligence: Methodology, Systems, and Applications},
 series = {AIMSA '02},
 year = {2002},
 isbn = {3-540-44127-1},
 pages = {41--50},
 numpages = {10},
 url = {http://dl.acm.org/citation.cfm?id=646053.677574},
 acmid = {677574},
 publisher = {Springer-Verlag},
 address = {London, UK, UK},
 keywords = {boosting, compiler heuristics, decision tree, loop unrolling},
}

@inproceedings{c4,
 author = {Cavazos, John and Moss, J. Eliot B.},
 title = {Inducing Heuristics to Decide Whether to Schedule},
 booktitle = {Proceedings of the ACM SIGPLAN 2004 Conference on Programming Language Design and Implementation},
 series = {PLDI '04},
 year = {2004},
 isbn = {1-58113-807-5},
 location = {Washington DC, USA},
 pages = {183--194},
 numpages = {12},
 url = {http://doi.acm.org/10.1145/996841.996864},
 doi = {10.1145/996841.996864},
 acmid = {996864},
 publisher = {ACM},
 address = {New York, NY, USA},
 keywords = {Java, Jikes RVM, compiler optimization, instruction scheduling, machine learning, supervised learning},
}


@inproceedings{c5,
 author = {Agakov, F. and Bonilla, E. and Cavazos, J. and Franke, B. and Fursin, G. and O'Boyle, M. F. P. and Thomson, J. and Toussaint, M. and Williams, C. K. I.},
 title = {Using Machine Learning to Focus Iterative Optimization},
 booktitle = {Proceedings of the International Symposium on Code Generation and Optimization},
 series = {CGO '06},
 year = {2006},
 isbn = {0-7695-2499-0},
 pages = {295--305},
 numpages = {11},
 url = {http://dx.doi.org/10.1109/CGO.2006.37},
 doi = {10.1109/CGO.2006.37},
 acmid = {1122412},
 publisher = {IEEE Computer Society},
 address = {Washington, DC, USA},
}

@article{c6,
 author = {Cavazos, John and O'Boyle, Michael F. P.},
 title = {Method-specific Dynamic Compilation Using Logistic Regression},
 journal = {SIGPLAN Not.},
 issue_date = {October 2006},
 volume = {41},
 number = {10},
 month = oct,
 year = {2006},
 issn = {0362-1340},
 pages = {229--240},
 numpages = {12},
 url = {http://doi.acm.org/10.1145/1167515.1167492},
 doi = {10.1145/1167515.1167492},
 acmid = {1167492},
 publisher = {ACM},
 address = {New York, NY, USA},
 keywords = {Java, Jikes RVM, compiler optimization, logistic regression, machine learning},
}

@inproceedings{c7,
 author = {Cavazos, John and Fursin, Grigori and Agakov, Felix and Bonilla, Edwin and O'Boyle, Michael F. P. and Temam, Olivier},
 title = {Rapidly Selecting Good Compiler Optimizations Using Performance Counters},
 booktitle = {Proceedings of the International Symposium on Code Generation and Optimization},
 series = {CGO '07},
 year = {2007},
 isbn = {0-7695-2764-7},
 pages = {185--197},
 numpages = {13},
 url = {http://dx.doi.org/10.1109/CGO.2007.32},
 doi = {10.1109/CGO.2007.32},
 acmid = {1252540},
 publisher = {IEEE Computer Society},
 address = {Washington, DC, USA},
}

@article{c8,
 author = {Cooper, Keith D. and Subramanian, Devika and Torczon, Linda},
 title = {Adaptive Optimizing Compilers for the 21st Century},
 journal = {J. Supercomput.},
 issue_date = {August 2002},
 volume = {23},
 number = {1},
 month = aug,
 year = {2002},
 issn = {0920-8542},
 pages = {7--22},
 numpages = {16},
 url = {http://dx.doi.org/10.1023/A:1015729001611},
 doi = {10.1023/A:1015729001611},
 acmid = {603341},
 publisher = {Kluwer Academic Publishers},
 address = {Hingham, MA, USA},
 keywords = {biased random search, configurable compilers, optimizing compilers, order of optimization},
}

@article{c9,
 author = {Cooper, Keith D. and Grosul, Alexander and Harvey, Timothy J. and Reeves, Steven and Subramanian, Devika and Torczon, Linda and Waterman, Todd},
 title = {ACME: Adaptive Compilation Made Efficient},
 journal = {SIGPLAN Not.},
 issue_date = {July 2005},
 volume = {40},
 number = {7},
 month = jun,
 year = {2005},
 issn = {0362-1340},
 pages = {69--77},
 numpages = {9},
 url = {http://doi.acm.org/10.1145/1070891.1065921},
 doi = {10.1145/1070891.1065921},
 acmid = {1065921},
 publisher = {ACM},
 address = {New York, NY, USA},
 keywords = {adaptive compilation},
}


