@MASTERSTHESIS{mythesis,
  AUTHOR =       {myname},
  TITLE =        {mytitle},
  SCHOOL =       {university},
  YEAR =         {2013},
  month =        {may},
  }
